<record><leader>00000cas a22000007a 4500</leader><controlfield tag="001">10519458</controlfield><controlfield tag="008">840314d18801970njudr ne      0    0eng d</controlfield><datafield ind1=" " ind2=" " tag="010"><subfield code="a">sn 84026645 </subfield><subfield code="z">sn 84020475 </subfield></datafield><datafield ind1=" " ind2=" " tag="040"><subfield code="a">NPU</subfield><subfield code="b">eng</subfield><subfield code="c">NPU</subfield><subfield code="d">NPY</subfield><subfield code="d">DLC</subfield><subfield code="d">OCL</subfield><subfield code="d">NPA</subfield><subfield code="d">NJW</subfield><subfield code="d">DLC</subfield><subfield code="d">OCLCQ</subfield><subfield code="d">CRL</subfield><subfield code="d">KRTAS</subfield><subfield code="d">OCLCQ</subfield><subfield code="d">OCLCF</subfield></datafield><datafield ind1=" " ind2=" " tag="019"><subfield code="a">10937079</subfield></datafield><datafield ind1="1" ind2=" " tag="029"><subfield code="a">AU@</subfield><subfield code="b">000026223421</subfield></datafield><datafield ind1=" " ind2=" " tag="042"><subfield code="a">msc</subfield></datafield><datafield ind1=" " ind2=" " tag="043"><subfield code="a">n-us-nj</subfield></datafield><datafield ind1="0" ind2="0" tag="050"><subfield code="a">Newspaper</subfield></datafield><datafield ind1="0" ind2="4" tag="245"><subfield code="a">The Daily home news.</subfield></datafield><datafield ind1="3" ind2="0" tag="246"><subfield code="a">Home news</subfield></datafield><datafield ind1="3" ind2="0" tag="246"><subfield code="a">Sunday home news and Sunday times</subfield></datafield><datafield ind1="3" ind2="0" tag="246"><subfield code="a">Sunday home news</subfield></datafield><datafield ind1=" " ind2=" " tag="260"><subfield code="a">New Brunswick, N.J. :</subfield><subfield code="b">Hugh Boyd,</subfield><subfield code="c">-1970.</subfield></datafield><datafield ind1=" " ind2=" " tag="300"><subfield code="a">v. ;</subfield><subfield code="c">65 cm.</subfield></datafield><datafield ind1=" " ind2=" " tag="310"><subfield code="a">Daily</subfield></datafield><datafield ind1=" " ind2=" " tag="321"><subfield code="a">Daily (except Sun.)</subfield></datafield><datafield ind1="1" ind2=" " tag="362"><subfield code="a">Began in 1880.</subfield></datafield><datafield ind1="0" ind2=" " tag="362"><subfield code="a">-Apr. 14, 1970.</subfield></datafield><datafield ind1=" " ind2=" " tag="500"><subfield code="a">Sunday editions called: Sunday home news and Sunday times; Sunday home news.</subfield></datafield><datafield ind1=" " ind2=" " tag="500"><subfield code="a">Issue for Sept. 27, 1939 is the "60th anniversary" edition.</subfield></datafield><datafield ind1=" " ind2=" " tag="580"><subfield code="a">The New Brunswick times (1916 : Weekly) was originally established as the Sunday edition of New Brunswick times (1907 : Daily). It changed its title to Sunday times (New Brunswick, N.J.) and became the Sunday edition for this paper.</subfield></datafield><datafield ind1=" " ind2=" " tag="588"><subfield code="a">Description based on: Vol. 2, no. 143 (July 19, 1880).</subfield></datafield><datafield ind1=" " ind2="0" tag="651"><subfield code="a">New Brunswick (N.J.)</subfield><subfield code="v">Newspapers.</subfield></datafield><datafield ind1=" " ind2="0" tag="651"><subfield code="a">Middlesex County (N.J.)</subfield><subfield code="v">Newspapers.</subfield></datafield><datafield ind1=" " ind2="7" tag="655"><subfield code="a">Newspapers.</subfield><subfield code="2">fast</subfield><subfield code="0">(OCoLC)fst01423814</subfield></datafield><datafield ind1=" " ind2="7" tag="651"><subfield code="a">New Jersey</subfield><subfield code="z">Middlesex County.</subfield><subfield code="2">fast</subfield><subfield code="0">(OCoLC)fst01207987</subfield></datafield><datafield ind1=" " ind2="7" tag="651"><subfield code="a">New Jersey</subfield><subfield code="z">New Brunswick.</subfield><subfield code="2">fast</subfield><subfield code="0">(OCoLC)fst01204552</subfield></datafield><datafield ind1=" " ind2=" " tag="752"><subfield code="a">United States</subfield><subfield code="b">New Jersey</subfield><subfield code="c">Middlesex</subfield><subfield code="d">New Brunswick.</subfield></datafield><datafield ind1="0" ind2=" " tag="775"><subfield code="t">Weekly home news (New Brunswick, N.J.)</subfield><subfield code="w">(DLC)sn 86077172</subfield><subfield code="w">(OCoLC)13684793</subfield></datafield><datafield ind1="1" ind2=" " tag="775"><subfield code="t">New Brunswick times (1916 : Weekly)</subfield></datafield><datafield ind1="1" ind2=" " tag="775"><subfield code="t">Sunday times (New Brunswick, N.J.)</subfield></datafield><datafield ind1="0" ind2="0" tag="780"><subfield code="t">Home news (New Brunswick, N.J. : 1878)</subfield><subfield code="w">(DLC)sn 85036057</subfield><subfield code="w">(OCoLC)13853963</subfield></datafield><datafield ind1="0" ind2="0" tag="785"><subfield code="t">Home news (New Brunswick, N.J. : 1970)</subfield><subfield code="w">(DLC)sn 85036058</subfield><subfield code="w">(OCoLC)13854020</subfield></datafield><datafield ind1="1" ind2=" " tag="787"><subfield code="t">New Brunswick times (1907 : Daily)</subfield><subfield code="w">(DLC)sn 85036029</subfield><subfield code="w">(OCoLC)13684825</subfield></datafield><datafield ind1=" " ind2=" " tag="938"><subfield code="a">Kirtas Technologies, Inc.</subfield><subfield code="b">KRTS</subfield><subfield code="n">738269</subfield></datafield></record>